<record><leader>00000cas a22000007a 4500</leader><controlfield tag="001">12166256</controlfield><controlfield tag="008">850617c19649999wiuwr ne      0    0eng d</controlfield><controlfield tag="009">3770</controlfield><datafield ind1=" " ind2=" " tag="010"><subfield code="a">sn 85040817 </subfield></datafield><datafield ind1=" " ind2=" " tag="040"><subfield code="a">NPV</subfield><subfield code="b">eng</subfield><subfield code="c">NPV</subfield><subfield code="d">DLC</subfield></datafield><datafield ind1="1" ind2=" " tag="029"><subfield code="a">AU@</subfield><subfield code="b">000025805960</subfield></datafield><datafield ind1=" " ind2=" " tag="042"><subfield code="a">msc</subfield></datafield><datafield ind1="0" ind2=" " tag="130"><subfield code="a">Times (Westby, Wis.)</subfield></datafield><datafield ind1="0" ind2="4" tag="245"><subfield code="a">The times.</subfield></datafield><datafield ind1=" " ind2=" " tag="260"><subfield code="a">Westby, Wis. :</subfield><subfield code="b">R.C. Way,</subfield><subfield code="c">1964-</subfield></datafield><datafield ind1=" " ind2=" " tag="310"><subfield code="a">Weekly</subfield></datafield><datafield ind1="0" ind2=" " tag="362"><subfield code="a">Vol. 66, no. 15 (April 9, 1964)-</subfield></datafield><datafield ind1=" " ind2=" " tag="500"><subfield code="a">Editors: V.J. Way, April 9, 1964-&lt;1983&gt;; J. Davis, &lt;Jan. 10, 1985&gt;-</subfield></datafield><datafield ind1=" " ind2=" " tag="752"><subfield code="a">United States</subfield><subfield code="b">Wisconsin</subfield><subfield code="c">Vernon</subfield><subfield code="d">Westby.</subfield></datafield><datafield ind1="0" ind2="0" tag="780"><subfield code="t">Westby times</subfield><subfield code="w">(DLC)sn 85040816</subfield></datafield></record>